@article{knuth-1975,
    author = {Knuth, Donald E.},
    title = {Random Matroids},
    journal = {Discrete Mathematics},
    volume = {12},
    issue = {4},
    year = {1975},
    pages = {341-358}
}

@misc{knuth-2003, 
    title={{ERECTION.W}}, 
    url={https://www-cs-faculty.stanford.edu/~knuth/programs/erection.w}, 
    journal={Stanford Computer Science}, 
    author={Knuth, Donald E.}, 
    year={2003}, 
    month={Mar}} 

@article{whitney-1935,
    author = {Whitney, Hassler},
    title = {On the Abstract Properties of Linear Dependence},
    journal = {American Journal of Mathematics},
    volume = {57},
    issue = {3},
    year = {1935},
    month = {July},
    pages = {509-533}
}

@article{wirth-1966,
    author = {Wirth, Niklaus and Hoare, C. A. R.},
    title = {A Contribution to the Development of {ALGOL}},
    year = {1966},
    issue_date = {June 1966},
    publisher = {Association for Computing Machinery},
    address = {New York, NY, USA},
    volume = {9},
    number = {6},
    issn = {0001-0782},
    url = {https://doi.org/10.1145/365696.365702},
    doi = {10.1145/365696.365702},
    journal = {Commun. ACM},
    month = {jun},
    pages = {413-432},
    numpages = {20}
}

@article{benabbou-2021,
    author = {Benabbou, Nawal, et al.},
    title = {Finding Fair and Efficient Allocations for Matroid Rank Valuations},
    journal = {ACM Transactions on Economics and Computation},
    volume = {9},
    issue = {4},
    month = {December},
    year = {2021},
    pages = {1-41}
}

@book{crapo_rota_1970, 
 place={Cambridge, MA}, 
 title={On the foundations of combinatorial theory: Combinatorial geometries}, 
 publisher={M.I.T. Press}, 
 author={Crapo, Henry H. and Rota, Gian-Carlo}, 
 year={1970}
} 

@book{schrijver-2003, 
 title={Combinatorial Optimization: Polyhedra and Efficiency}, 
 publisher={Springer}, 
 author={Schrijver, A.}, 
 year={2003}
} 

@article{KNUTH1974398,
    abstract = {A simple proof is given that limnâˆ’t8(log2 log2gn)/n = 1, where gn denotes the number of distinct combinatorial geometries on n point},
    author = {Donald E Knuth},
    doi = {https://doi.org/10.1016/0097-3165(74)90063-6},
    issn = {0097-3165},
    journal = {Journal of Combinatorial Theory, Series A},
    number = {3},
    pages = {398-400},
    title = {The asymptotic number of geometries},
    url = {https://www.sciencedirect.com/science/article/pii/0097316574900636},
    volume = {16},
    year = {1974},
    bdsk-url-1 = {https://www.sciencedirect.com/science/article/pii/0097316574900636},
    bdsk-url-2 = {https://doi.org/10.1016/0097-3165(74)90063-6}
}
